<record><leader>00000cas a22000007a 4500</leader><controlfield tag="001">16137987</controlfield><controlfield tag="008">870707d19031908iaucr ne      0    0eng d</controlfield><datafield ind1=" " ind2=" " tag="010"><subfield code="a">sn 87058453 </subfield></datafield><datafield ind1=" " ind2=" " tag="040"><subfield code="a">INP</subfield><subfield code="b">eng</subfield><subfield code="c">INP</subfield><subfield code="d">OCLCQ</subfield></datafield><datafield ind1=" " ind2=" " tag="042"><subfield code="a">msc</subfield></datafield><datafield ind1="0" ind2=" " tag="130"><subfield code="a">Twice-a-week weekly Mason City globe-gazette (Mason City, Iowa : 1903)</subfield></datafield><datafield ind1="1" ind2="0" tag="245"><subfield code="a">Twice-a-week weekly Mason City globe-gazette.</subfield></datafield><datafield ind1="3" ind2="0" tag="246"><subfield code="a">Mason City globe-gazette</subfield></datafield><datafield ind1="1" ind2="7" tag="246"><subfield code="a">Mason City weekly globe-gazette</subfield></datafield><datafield ind1="1" ind2="7" tag="246"><subfield code="a">Twice-a-week weekly globe-gazette</subfield></datafield><datafield ind1=" " ind2=" " tag="260"><subfield code="a">Mason City, Iowa :</subfield><subfield code="b">Muse &amp; Conroy,</subfield><subfield code="c">-1908.</subfield></datafield><datafield ind1=" " ind2=" " tag="300"><subfield code="a">v.</subfield></datafield><datafield ind1=" " ind2=" " tag="310"><subfield code="a">Semiweekly</subfield></datafield><datafield ind1="1" ind2=" " tag="362"><subfield code="a">Began Mar. 17, 1903.</subfield></datafield><datafield ind1="0" ind2=" " tag="362"><subfield code="a">-v. 15, no. 309 (Oct. 1, 1908).</subfield></datafield><datafield ind1=" " ind2=" " tag="500"><subfield code="a">Publisher varies slightly.</subfield></datafield><datafield ind1=" " ind2=" " tag="588"><subfield code="a">Description based on: Vol. 10, no. 10 (Mar. 19, 1903).</subfield></datafield><datafield ind1=" " ind2=" " tag="752"><subfield code="a">United States</subfield><subfield code="b">Iowa</subfield><subfield code="c">Cerro Gordo</subfield><subfield code="d">Mason City.</subfield></datafield><datafield ind1="0" ind2=" " tag="775"><subfield code="t">Mason City globe-gazette (Mason City, Iowa : 1895 : Daily)</subfield><subfield code="w">(DLC)sn 87058653</subfield></datafield><datafield ind1="0" ind2="0" tag="780"><subfield code="t">Mason City globe-gazette (Mason City, Iowa : 1895 : Weekly)</subfield><subfield code="w">(DLC)sn 87058649</subfield></datafield><datafield ind1="0" ind2="0" tag="785"><subfield code="t">Semi-weekly globe-gazette, Mason City globe-gazette</subfield><subfield code="w">(DLC)sn 87058650</subfield></datafield></record>